@inproceedings{txm_plateforme,
TITLE = {{TXM : Une plateforme logicielle open-source pour la textom{\'e}trie - conception et d{\'e}veloppement}},
AUTHOR = {Heiden, Serge and Magu{\'e}, Jean-Philippe and Pincemin, B{\'e}n{\'e}dicte},
URL = {https://halshs.archives-ouvertes.fr/halshs-00549779},
BOOKTITLE = {{10th International Conference on the Statistical Analysis of Textual Data - JADT 2010}},
ADDRESS = {Rome, Italy},
EDITOR = {Sergio Bolasco, Isabella Chiari, Luca Giuliano},
PUBLISHER = {{Edizioni Universitarie di Lettere Economia Diritto}},
VOLUME = {2},
NUMBER = {3},
PAGES = {1021-1032},
YEAR = {2010},
MONTH = {06},
KEYWORDS = {textometry , full text search engine , statistical analysis , natural language processing , grails framework , textom{\'e}trie , open-source , moteur de recherche plein texte , analyse statistique , xml-tei , traitement automatique de la langue , tal , eclipse rcp , framework grails},
PDF = {https://halshs.archives-ouvertes.fr/halshs-00549779/file/Heiden_al_jadt2010.pdf},
HAL_ID = {halshs-00549779},
HAL_VERSION = {v1}
}

@article{alignement_bourdaillet,
author  = "Julien Bourdaillet",
title   = "Alignement monolingue avec recherche de déplacements pour la critique génétique",
year    = "2009",
journal = "TAL",
volume  = "50",
number  = "1",
pages   = "61--85",
keywords = "alignement"
}

@phdthesis{alignement_prochasson,
  TITLE = {{Alignement multilingue en corpus comparables spécialisés}},
  AUTHOR = {Prochasson, Emmanuel Ep},
  URL = {https://tel.archives-ouvertes.fr/tel-00462248},
  SCHOOL = {{Universit{\'e} de Nantes}},
  YEAR = {2009},
  MONTH = {12},
  KEYWORDS = {corpus comparables , langue de sp{\'e}cialit{\'e} , alignement multilingue , comparable corpora , multilingual alignment , specialised corpora, alignement},
  TYPE = {Theses},
  PDF = {https://tel.archives-ouvertes.fr/tel-00462248/file/these.pdf},
  HAL_ID = {tel-00462248},
  HAL_VERSION = {v1},
}

@inproceedings{alignement_unilingue_ganascia_bourdaillet,
TITLE = {{Alignements unilingues avec MEDITE}},
AUTHOR = {Ganascia, Jean-Gabriel and Bourdaillet, Julien},
URL = {https://hal.archives-ouvertes.fr/hal-01337700},
BOOKTITLE = {{Huiti{\`e}mes Journ{\'e}es Internationales d'Analyse Statistique des Donn{\'e}es Textuelles (JADT 2006)}},
ADDRESS = {Besan{\c c}on, France},
PAGES = {427-437},
YEAR = {2006},
MONTH = {04},
HAL_ID = {hal-01337700},
HAL_VERSION = {v1},
keywords = {alignement}
}

@inproceedings{alignement_monolingues_bourdaillet_ganascia,
TITLE = {{Alignements monolingues avec d{\'e}placements}},
AUTHOR = {Bourdaillet, Julien and Ganascia, Jean-Gabriel},
URL = {https://hal.archives-ouvertes.fr/hal-01335898},
BOOKTITLE = {{14e Conf{\'e}rence sur le Traitement Automatique des Langues Naturelles (TALN)}},
ADDRESS = {Toulouse, France},
PAGES = {303-312},
YEAR = {2007},
MONTH = {06},
HAL_ID = {hal-01335898},
HAL_VERSION = {v1},
keywords =  {alignement} 
}

@article{stat_text_guerin,
title = {La statistique textuelle. Un outil exploratoire en sciences sociales},
author = {Guérin-Pace, France},
journal = {Population, 52e année, numéro 4, 1997},
year = {1997},
ISSN = {0032-4663},
url = {https://www.persee.fr/doc/pop_0032-4663_1997_num_52_4_6471},
doi = {10.2307/1534617},
publisher = {Institut national d'études démographiques},
keywords = "analyse statistique"
}

@article{compter_mots_guerreau,
title = {Pourquoi (et comment) l'historien doit-il compter les mots ?},
author = {Guerreau, Alain},
journal = {Histoire \& Mesure, 1989 volume 4 - numéros 1-2. Varia.},
year = {1989},
ISSN = {0982-1783},
ISBN = {2-222-96517-9},
url = {https://www.persee.fr/doc/hism_0982-1783_1989_num_4_1_878},
doi = {10.3406/hism.1989.878},
publisher = {Editions du CNRS},
keywords = "analyse statistique"
}

@book{stat_text_garnier,
author = "Bénédicte GARNIER and France GUÉRIN-PACE",
title = "Appliquer les méthodes de la statistique textuelle ",
publisher = "CePeD",
address = "Paris",
year = "2010",
keywords = "analyse statistique"
}

@book{explorer_corpus_textuel,
TITLE = {{Explorer un corpus textuel}},
AUTHOR = {Poudat, C{\'e}line and Landragin, Fr{\'e}d{\'e}ric},
URL = {https://hal.archives-ouvertes.fr/hal-01373918},
PUBLISHER = {{De Boeck}},
SERIES = {Champs linguistiques},
YEAR = {2017},
KEYWORDS = {Linguistique de corpus , statistique textuelle , Textom{\'e}trie , Corpus \& linguistique , Exploration de corpus , Annotation des corpus, analyse statistique},
HAL_ID = {hal-01373918},
HAL_VERSION = {v1},
}

@inproceedings{tal_etude_comparee,
TITLE = {{Analyse statistique des donn{\'e}es textuelles et traitement automatique des langues. Une {\'e}tude compar{\'e}e}},
AUTHOR = {Valette, Mathieu},
URL = {https://hal-inalco.archives-ouvertes.fr/hal-01335084},
BOOKTITLE = {{International Conference on Statistical Analysis of Textual Data (JADT2016)}},
ADDRESS = {Nice, France},
EDITOR = {D. Mayaffre and C. Poudat and L. Vanni and V. Magri and P. Follette},
SERIES = {Proceedings of 13th International Conference on Statistical Analysis of Textual Data, 7-10 June 2016, Nice (France)},
VOLUME = {2},
PAGES = {697-706},
YEAR = {2016},
MONTH = {06},
KEYWORDS = {NLP , Statistical Analysis of Textual Data , methods , discussion , textometrics, tal, analyse statistique},
PDF = {https://hal-inalco.archives-ouvertes.fr/hal-01335084/file/mvalette_JADT2016_2e_soumission_2016_04_21.pdf},
HAL_ID = {hal-01335084},
HAL_VERSION = {v1},
}

@book{beccaria_audegean_2009,
author = "Cesare Beccaria",
title = "Des délits et des peines / Dei delitti e delle pene",
note = "Introduction, traduction et notes de Philippe Audegean, texte italien établi par Gianni Francioni",
address = "Lyon",
publisher = "ENS Éditions",
year = "2009",
keywords = "beccaria"
}

@incollection{belaid_numerisation,
TITLE = {{La num{\'e}risation de documents : principes et {\'e}valuation des performances}},
AUTHOR = {Bela{\"i}d, Abdel and Pierron, Laurent and Najman, Laurent and Reyren, Dominique},
URL = {https://hal.inria.fr/inria-00099148},
NOTE = {Article dans revue scientifique avec comit{\'e} de lecture.},
BOOKTITLE = {{Biblioth{\`e}ques num{\'e}riques. Cours INRIA, octobre 2000, La Bresse}},
HAL_LOCAL_REFERENCE = {A00-R-288 || bela{\"i}d00d},
EDITOR = {Bernard Hidoine and Jean-Claude Le Moal},
PUBLISHER = {{ADBS}},
PAGES = {8-16},
YEAR = {2000},
KEYWORDS = {{\'e}valuation d'ocr , combinaison d'ocr , plate-forme de num{\'e}risation , ocr combination , numerisation plate-form , ocr evaluation},
keywords = {ocr},
PDF = {https://hal.inria.fr/inria-00099148/file/NumerisationDoc-ADBS.pdf},
HAL_ID = {inria-00099148},
HAL_VERSION = {v1},
}

@phdthesis{bensalah_mass_digitization,
TITLE = {{Adaptative quality control of digital documents in mass digitization projects}},
AUTHOR = {Ben Salah, Ahmed},
URL = {https://hal-bnf.archives-ouvertes.fr/tel-01164698},
SCHOOL = {{Universit{\'e} de Rouen}},
PAGES = {25-67},
YEAR = {2014},
MONTH = Jul,
KEYWORDS = {Segmentation defects , Texture Characterization , Quality Assessment , Optical Character Recognition , Reconnaissance optique de caract{\`e}res , Pr{\'e}diction de performances , Erreur de segmentation , Analyse de texture , Classification , Reconnaissance de caract{\`e}res},
keywords = {ocr},
TYPE = {Theses},
PDF = {https://hal-bnf.archives-ouvertes.fr/tel-01164698/file/These\%20Ahmed\%20Ben\%20Salah\%20vf\%20mod\%20\%281\%29.pdf},
HAL_ID = {tel-01164698},
HAL_VERSION = {v1},
}

@inproceedings{chiron_erreurs_ocr,
TITLE = {{Erreurs OCR et biais d'indexation : impact sur les usages}},
AUTHOR = {Chiron, Guillaume and Moreux, Jean-Philippe and Doucet, Antoine and Coustaty, Micka{\"e}l and Visani, Muriel},
URL = {https://hal.archives-ouvertes.fr/hal-01455763},
BOOKTITLE = {{17{\`e}me conf{\'e}rence Extraction et Gestion des Connaissances, Atelier Journalisme Computationnel}},
ADDRESS = {Grenoble, France},
PAGES = {69-73},
YEAR = {2017},
MONTH = Jan,
KEYWORDS = {erreurs OCR ,  biais d'indexation ,  biblioth{\`e}que digitales},
PDF = {https://hal.archives-ouvertes.fr/hal-01455763/file/EGC_2017_paper_160\%20\%289\%29.pdf},
keywords = {ocr},
HAL_ID = {hal-01455763},
HAL_VERSION = {v1},
}

@inproceedings{magallon_erreurs_ocr,
TITLE = {{Combining character level and word level RNNs for post-OCR error detection}},
AUTHOR = {Magallon, Thibault and B{\'e}chet, Fr{\'e}d{\'e}ric and Favre, Benoit},
URL = {https://hal.archives-ouvertes.fr/hal-01905258},
BOOKTITLE = {{25e conf{\'e}rence sur le Traitement Automatique des Langues Naturelles (TALN)}},
ADDRESS = {Rennes, France},
YEAR = {2018},
MONTH = May,
KEYWORDS = {OCR , Error detection , Recurrent neural networks , D{\'e}tection d'erreurs , R{\'e}seaux de neurones r{\'e}currents},
keywords = {ocr},
PDF = {https://hal.archives-ouvertes.fr/hal-01905258/file/TALN_VFinal.pdf},
HAL_ID = {hal-01905258},
HAL_VERSION = {v1},
}

@article{genetique_texte,
title = {La génétique du texte ou comment ils écrivent},
author = {Richaudeau, François},
booktitle = {Communication et langages, n°105, 3ème trimestre 1995.},
year = {1995},
ISSN = {0336-1500},
url = {https://www.persee.fr/doc/colan_0336-1500_1995_num_105_1_2615},
doi = {10.3406/colan.1995.2615},
language = {fre},
publisher = {Armand Colin},
keywords = {alignement}
}