@book{it1,
author = "Anonimo",
title = "Dei delitti e delle pene",
year = "1764",
keywords = "italien"
}

@book{it2,
author = "Anonimo",
title = " Dei Delitti e Delle Pene, Edizione Seconda, Rivista e Corretta",
year = "1764",
edition = "2",
address = "Monaco",
keywords = "italien"
}

@book{it3,
author = "Anonimo",
title = "Dei Delitti e delle Pene",
year = "1765",
keywords = "italien"
}

@book{it5,
author = "Anonimo",
title = "Dei Delitti e Delle Pene, Edizione Quinta, Di nuovo corretta ed accrescuita",
year = "1766",
edition = "5",
address = "Harlem",
keywords = "italien"
}

@book{it6,
author = "Anonimo",
title = "Dei Delitti e delle Penne, Edizione sesta, Di nuovo corretta ed accresciutai",
year = "1766",
edition = "6",
address = "Harlem",
keywords = "italien"
}

@book{it7,
author = "Anonimo",
title = "Dei Delitti e delle Pene, Edizione Rivista, correta et disposta secondo l'ordine della traduzione francese approuato dall'autore coll'agguinta del commentario alla detta opera di Mr de Voltaire tradotto da celebre Autore",
year = "1774",
address = "Londres",
keywords = "italien"
}

@book{it8, 
author = "Anonimo",
title = "Dei Delitti e delle pene, Nuova edizione, correta e accresciuta",
year = "1780",
address = "Harlem",
keywords = "italien"
}

@book{it9_1,
author = "Anonimo",
title = "Dei Delitti e delle Pene, Edizione Novisima di nuovo correta ed accrescuita coi commenti del Voltaire confutazioni ed altri opuscoli interessanti di varj autori, Tomo Primo",
volume = "1",
year = "1781",
address = "Venise",
keywords = "italien"
}

@book{it9_2,
author = "Anonimo",
title = " Dei Delitti e delle Pene, Confutazioni et altro Edizione novisima di nuovo coretta ed acrescuita, Tomo Secondo",
volume = "2",
year = "1781",
address = "Venise",
keywords = "italien"
}

@book{it10,
author = "Anonimo",
title = "Dei Delitti e delle Pene, Nuova edizione corretta e accresciuta",
year = "1786",
address = "Paris",
keywords = "italien"
}

@book{fr1-1,
author = "Anonyme",
title = "Traité des délits et des peines, traduit de l'italien, d'après la troisième édition, revue, corrigée et augmentée par l'Auteur, avec des additions de l'Auteur, qui n'ont pas encore paru en Italien",
year = "1766",
address = "Lausanne",
keywords = "français"
}

@book{fr1-2,
author = "BECCARIA",
title = "Traité des délits et des peines, traduit de l'italien par André Morellet; Nouvelle édition corrigée; précédée d'une correspondance de l'Auteur avec le Traducteur; Accompagnée de notes de Diderot; et suivie d'une théorie des lois pénales, par Jérémie Bentham; traduite de l'Anglais par Saint-Aubin",
year = "1797",
address = "Paris",
keywords = "français"
}

@book{fr2-1,
author = "Anonyme",
title = "Traité des délits et des peines, traduit de l'italien, d'après la sixième édition, revue, corrigée \& augmentée de plusieurs chapitres par l'Auteur, Auquel on a joint plusieurs pièces très intéressantes pour l’intelligence du texte",
year = "1773",
address = "Paris",
keywords = "français"
}

@book{fr2-2,
author = "BRISSOT DE WARVILLE J.P.",
title = "Bibliothèque philosophique du législateur, du politique, du jurisconsulte ou Choix des meilleurs discours, dissertations, essais, fragmens, composés sur la Législation criminelle par les plus célèbres Écrivains, en françois, anglois, italien, allemand, espagnol, \&c. pour parvenir à la réforme des Loix pénales dans les pays ; traduits \& accompagnés de notes et d'observations historiques, Tome Premier",
volume = "1",
year = "1782",
address = "Berlin",
keywords = "français"
}

@book{fr2-3,
author = "Anonyme",
title = "Traité des Délits et des Peines, traduit de l'Italien, d'après la sixième édition revue, corrigée \& augmentée de plusieurs chapitres par l'Auteur; auquel on a joint plusieurs pièces très intéressantes pour l'intelligence du texte",
year = "1784",
address = "Paris",
keywords = "français"
}

@book{fr2-4,
author = "BECCARIA",
title = "Des délits et des peines, Ouvrage traduit de l'italien de Beccaria",
year = "1794",
address = "Paris",
keywords = "français"
}

@book{fr2-5,
author = "BECCARIA",
title = "Traités des délits et des peines, Traduit de l'italien de Beccaria, Nouvelle édition,",
year = "1797",
address = "Neuchatel",
keywords = "français"
}

@book{ang1-1,
author = "Anonymous",
title = "An Essay on crimes and punishments, translated from the Italian, with a commentary, attributed to Mons. de Voltaire, translated from the French",
year = "1767",
address = "Dublin",
keywords = "anglais"
}

@book{ang1-2,
author = "Anonymous",
title = "An Essay on crimes and punishments, translated from the Italian, with a commentary, attributed to Mons. de Voltaire, translated from the French",
edition = "2",
year = "1769",
address = "Londres",
keywords = "anglais"
}

@book{ang1-3,
author = "BECCARIA The Marquis",
title = "An Essay on crimes and punishments, with a commentary by M. de Voltaire, a new edition corrected",
year = "1778",
address = "Edimbourg",
keywords = "anglais"
}

@book{ang1-4,
author = "Anonymous",
title = "An Essay on crimes and punishments, translated from the Italian; with a commentary, attributed to Mons. de Voltaire, translated from the French",
edition = "4",
year = "1785",
address = "Londres",
keywords = "anglais"
}

@book{ang1-5,
author = "BECCARIA The Marquis",
title = "An Essay on crimes and punishments, with a commentary by M. de Voltaire, a new edition corrected",
year = "1788",
address = "Edimbourg",
keywords = "anglais"
}

@book{all1-1,
author = "Anonym",
title = "Abhandlung von den Verbrechen und Strafen nach der französischen ausgabe uberseßt, mit einigen ßusäßen des Verfassers die in der italienischen nicht besindlich sind",
year = "1766",
address = "Hambourgh",
keywords = "allemand"
}

@book{all2-1,
author = "Anonym",
title = "Von den Verbrechen und Strafen aus dem Italiänischen mit des hrn neuesten auslage ins Deutsche übersetzt und mit vielen Anmerkungen vermehrt",
year = "1767",
address = "Ulm",
keywords = "allemand"
}

@book{all2-2,
author = "Anonym",
title = "Von den Verbrechen und Strafen, Nebst angebängten Fragen, und Lehrsäßen aus der allgemeinen Einleitung in die Staatsmissenschaft, und der sämmtlichen Polizen.",
year = "1776",
address = "Tyrnau",
keywords = "allemand"
}

@book{all3-1,
author = "Anonym",
title = "Abhandlung von Verbrechen und Strafen eine gekrönte  preisschrift nebst angehängten Lehrsätzen aus der polizeywissenschaft welche Joseph Edler von Montag Hörer der Kameralwissenschaften öffentlich auf dem Carolin vertheidigen mird",
year = "1767",
address = "Altstaft Prag",
keywords = "allemand"
}

@book{all4-1,
author = "Des Herrn Marquis von Beccaria",
title = "unsterbliches Werk von Verbrechen und Strafen. Auf das Neue selbst aus dem Italiänischen übersetzet mit durchgängigen Anmerkungen des Ordinarius zu Leipzig Herrn Hofrath Hommels",
year = "1778",
address = "Breslau",
keywords = "allemand"
}

@book{all4-2,
author = "Des Herrn Marquis von Beccaria",
title = "Unsterbliches Werk von Verbrechen und Strafen. Auf das Neue selbst aus dem Italiänischen übersetzet mit durchgängigen Anmerkungen des Ordinarius zu Leipzig Herrn Hofrath Hommels",
year = "1786",
address = "Vienne",
keywords = "allemand"
}

@book{all5-1,
author = "Des Herrn Marquis von Beccaria",
title = "unsterbliches Werk von Verbrechen und Strafen, Neueste Auflage von neuem verbessert und vermehrt nebst dem Commentar des Voltaire, Widerlegungen und andern interessanten Werken verschiedner Verfasser",
year = "1788",
address = "Breslau",
keyword = "allemand"
}

@book{all6-1,
author = "Des Marchese Beccaria's",
title = "Abhandlung über Verbrechen und Strafen Von neuem aus dem Italiänischen übersetzt ; Mit Anmerkungen von Diderot, mit Noten und Abhandlungen vom Uebersetzer, mit den Meinungen der berühmtesten Schriftsteller über die Todesstrafe nebst einer Kritik derselben, und mit einem Anhange über die Nothwendigkeit des Geschwornengerichts und über die Beschaffenheit und die Vortheile desselben in England, Nordamerika und Frankreich",
year = "1798",
address = "Leipzig",
keywords = "allemand"
}